@article{boyles2020transportation,
  title={Transportation network analysis},
  author={Boyles, Stephen D and Lownes, Nicholas E and Unnikrishnan, Avinash},
  journal={Volume I, Version 0.85},
  year={2020}
}